@misc{simple_vfs,
  title={A simple versioning file system for Linux using FUSE},
  author={FooSoft},
  howpublished={\url{https://github.com/FooSoft/vfs}}
}

@inproceedings{wayback_vfs,
  title={Wayback: A User-level Versioning File System for Linux},
  author={Cornell},
  booktitle={USENIX 2004 Annual Technical Conference},
  howpublished={\url{https://www.usenix.org/legacy/events/usenix04/tech/freenix/cornell.html}}
}

@misc{vvfs,
  title={Copy-on-Write Version Support for VFS under Linux},
  author={Stephan MÃ¼ller and Sven Widmer},
  howpublished={\url{https://osm.hpi.de/vvfs/}}
}

@misc{huntley_vvfs,
  title={A versioning virtual filesystem},
  author={Steve Huntley},
  howpublished={\url{https://wiki.tcl-lang.org/page/A+versioning+virtual+filesystem}}
}

@misc{rvault,
  title = {Rvault},
  author = {rmind},
  year = {2023},
  note = {https://github.com/rmind/rvault}
}

@book{bar_linux_file_systems,
  title={Linux File Systems},
  author={Moshe Bar},
  chapter={4},
  publisher={McGraw-Hill},
  year={2001},
  isbn={0-07-212955-7}
}

@misc{vfs_url,
  title={The Virtual File System (VFS)},
  author={David A. Rusling},
  howpublished={\url{http://www.science.unitn.it/~fiorella/guidelinux/tlk/node102.html#SECTION001120000000000000000}}
}

@misc{libfuse,
  title={libfuse},
  howpublished={\url{https://github.com/libfuse/libfuse}}
}

@misc{fusepp,
  title={Fusepp},
  howpublished={\url{https://github.com/jachappell/Fusepp}}
}

@misc{fusexx,
    title={Fuse++},
    howpublished={\url{https://github.com/xloem/fusexx}}
}

@misc{osxfuse,
  title={FUSE for macOS},
  author={},
  howpublished={\url{https://osxfuse.github.io/}}
}

@misc{winfsp,
  title={WinFsp},
  author={},
  howpublished={\url{https://github.com/billziss-gh/winfsp}}
}

@misc{crypto_pp,
  title={Crypto++},
  howpublished={\url{https://www.cryptopp.com/}}
}

@misc{google_test,
  title={Google Test},
  author={},
  howpublished={\url{https://github.com/google/googletest}}
}

@misc{ibm_fuse,
  title={FUSE: An API for developing file systems in user space},
  author={},
  howpublished={\url{https://developer.ibm.com/articles/l-fuse/}}
}

@misc{facile_fuse,
  title={Writing a file system with FUSE},
  author={},
  howpublished={\url{https://engineering.facile.it/blog/eng/write-filesystem-fuse/}}
}

@misc{maastaar_fuse,
  title={Writing a simple filesystem using FUSE},
  author={},
  howpublished={\url{https://maastaar.net/fuse/linux/filesystem/c/2016/05/21/writing-a-simple-filesystem-using-fuse/}}
}